@article{ahnReviewStateoftheartTechniques2020,
  title = {A {{Review}} of {{State-of-the-art Techniques}} for {{PMSM Parameter Identification}}},
  author = {Ahn, Hanwoong and Park, Hyunjong and Kim, Changhyun and Lee, Hyungwoo},
  date = {2020-05},
  journaltitle = {Journal of Electrical Engineering \& Technology},
  shortjournal = {J. Electr. Eng. Technol.},
  volume = {15},
  number = {3},
  pages = {1177--1187},
  issn = {1975-0102, 2093-7423},
  doi = {10.1007/s42835-020-00398-6},
  url = {http://link.springer.com/10.1007/s42835-020-00398-6},
  urldate = {2024-02-28},
  langid = {english},
  file = {C:\Users\sdischl\Zotero\storage\Y8HSZUVD\Ahn et al. - 2020 - A Review of State-of-the-art Techniques for PMSM P.pdf}
}

@inproceedings{arellano-padillaPredictionInductanceCharacteristics2012,
  title = {Prediction of Inductance Characteristics of {{PMSMs}} in Saliency-Based Sensorless Control},
  booktitle = {2012 15th {{International Power Electronics}} and {{Motion Control Conference}} ({{EPE}}/{{PEMC}})},
  author = {Arellano-Padilla, J. and Sumner, Mark and Gerada, Chris and Asher, Greg},
  date = {2012-09},
  pages = {LS3a-1.1-1-LS3a-1.1-5},
  publisher = {{IEEE}},
  location = {{Novi Sad, Serbia}},
  doi = {10.1109/EPEPEMC.2012.6397425},
  url = {http://ieeexplore.ieee.org/document/6397425/},
  urldate = {2024-02-21},
  abstract = {This paper proposes an approach to determine the machine parameters in Permanent Magnet Synchronous (PMSM) machines intended for sensorless motion operation. The proposed scheme is based on a Finite Element (FE) perturbation analysis, and provides a methodology to improve accuracy in the calculation of the motor parameters; particularly the incremental inductances. Incremental inductances are essential since play a key role in the performance of sensorless motion.},
  eventtitle = {2012 {{EPE-ECCE Europe Congress}}},
  isbn = {978-1-4673-1972-0 978-1-4673-1970-6 978-1-4673-1971-3},
  langid = {english},
  file = {C:\Users\sdischl\Zotero\storage\NS3JMCAH\Arellano-Padilla et al. - 2012 - Prediction of inductance characteristics of PMSMs .pdf}
}

@book{aschendorfFEMBeiElektrischen2014,
  title = {FEM bei elektrischen Antrieben 1: Grundlagen, Vorgehensweise, Transformatoren und Gleichstrommaschinen},
  shorttitle = {FEM bei elektrischen Antrieben 1},
  author = {Aschendorf, Bernd},
  date = {2014},
  publisher = {{Springer Fachmedien Wiesbaden}},
  location = {{Wiesbaden}},
  doi = {10.1007/978-3-8348-2033-4},
  url = {https://link.springer.com/10.1007/978-3-8348-2033-4},
  urldate = {2024-02-13},
  isbn = {978-3-8348-0574-4 978-3-8348-2033-4},
  langid = {ngerman},
  file = {C:\Users\sdischl\Zotero\storage\FL4F7Z75\Aschendorf - 2014 - FEM bei elektrischen Antrieben 1 Grundlagen, Vorg.pdf}
}

@book{binderElektrischeMaschinenUnd2012,
  title = {Elektrische Maschinen und Antriebe. Lehrbuch: Grundlagen, Betriebsverhalten},
  shorttitle = {Elektrische Maschinen und Antriebe. Lehrbuch},
  author = {Binder, Andreas},
  date = {2012},
  series = {Springer-Lehrbuch},
  publisher = {{Springer}},
  location = {{Berlin Heidelberg}},
  isbn = {978-3-540-71849-9},
  langid = {german},
  pagetotal = {1249},
  file = {C\:\\Users\\sdischl\\Zotero\\storage\\WUPDZAWV\\Elektrische Maschinen und Antriebe.pdf;C\:\\Users\\sdischl\\Zotero\\storage\\Z7AUR9TF\\Binder - 2012 - Elektrische Maschinen und Antriebe. Lehrbuch Grun.pdf}
}

@book{bolteElektrischeMaschinenGrundlagen2018,
  title = {Elektrische Maschinen: Grundlagen, Magnetfelder, Erwärmung, Funktionsprinzipien, Betriebsarten, Einsatz, Entwurf, Wirtschaftlichkeit},
  shorttitle = {Elektrische Maschinen},
  author = {Bolte, Ekkehard},
  date = {2018},
  edition = {2. Auflage},
  publisher = {{Springer Vieweg}},
  location = {{Berlin; [Heidelberg]}},
  isbn = {978-3-662-54687-1},
  langid = {german},
  pagetotal = {700},
  file = {C\:\\Users\\sdischl\\Zotero\\storage\\8VH8E9WP\\Elektrische Maschinen.pdf;C\:\\Users\\sdischl\\Zotero\\storage\\QRVDH6QZ\\Bolte - 2018 - Elektrische Maschinen Grundlagen, Magnetfelder, E.pdf}
}

@unpublished{bruckReducedOrderModelsElectricMotors2018,
  title = {Reduced-{{Order-Models}} of Electric Motors for Systems Engineering Including Effects of Variable Magnet and Winding Temperatures},
  author = {Brück, Marc and Cors, Tobias},
  date = {2018-06-22},
  eventtitle = {15th {{Weimar Optimization}} and {{Stochastic Days}} 2018 - {{Session}} 4: {{Robust Design Optimizationof}} Electric Drive Application},
  file = {C:\Users\sdischl\Zotero\storage\NY4RDJZW\Brück und Cors - 2018 - Reduced-Order-Models of electric motors for system.pdf}
}

@book{clarkeCircuitAnalysisAC1943,
  title = {Circuit {{Analysis}} of {{A-C Power Systems Volume I}}},
  author = {Clarke, Edith},
  date = {1943},
  publisher = {{John Wiley \& Sons Inc}},
  location = {{New York}},
  file = {C:\Users\sdischl\Zotero\storage\48FVYQBV\Clarke - 1943 - Circuit Analysis of A-C Power Systems Volume I.pdf}
}

@book{dedonckerAdvancedElectricalDrives2020,
  title = {Advanced {{Electrical Drives}}: {{Analysis}}, {{Modeling}}, {{Control}}},
  shorttitle = {Advanced {{Electrical Drives}}},
  author = {De Doncker, Rik W. and Pulle, Duco W.J. and Veltman, André},
  date = {2020},
  series = {Power {{Systems}}},
  publisher = {{Springer International Publishing}},
  location = {{Cham}},
  doi = {10.1007/978-3-030-48977-9},
  url = {http://link.springer.com/10.1007/978-3-030-48977-9},
  urldate = {2023-12-08},
  isbn = {978-3-030-48976-2 978-3-030-48977-9},
  langid = {english},
  file = {C:\Users\sdischl\Zotero\storage\IM32KN8U\De Doncker et al. - 2020 - Advanced Electrical Drives Analysis, Modeling, Co.pdf}
}

@article{dianovReviewClassificationMTPA2022,
  title = {Review and {{Classification}} of {{MTPA Control Algorithms}} for {{Synchronous Motors}}},
  author = {Dianov, Anton and Tinazzi, Fabio and Calligaro, Sandro and Bolognani, Silverio},
  date = {2022-04},
  journaltitle = {IEEE Transactions on Power Electronics},
  shortjournal = {IEEE Trans. Power Electron.},
  volume = {37},
  number = {4},
  pages = {3990--4007},
  issn = {0885-8993, 1941-0107},
  doi = {10.1109/TPEL.2021.3123062},
  url = {https://ieeexplore.ieee.org/document/9591408/},
  urldate = {2024-02-21},
  abstract = {This article discusses the maximum torque per ampere (MTPA) control of synchronous motors, which have become an indispensable part of highly efficient motor drives. It explains the nature of torque produced by synchronous motors, ways to find its maximum and algorithms to operate at this point, despite changes of loads and motor parameter variations. The authors propose a classification of the MTPA methods, based on the features of each algorithm or group of similar methods. They demonstrate the conventional control scheme and discuss the modifications necessary for the implementation of each method. This article reviews existing MTPA control algorithms, discusses their pros and cons, and suggests possible areas of usage for each group of methods. The authors of the article share their vast experience in the industry and research aspects, which were obtained by developing industrial, commercial, traction, and military drives, and report on their views on the perspective of each method taken into consideration.},
  langid = {english},
  file = {C:\Users\sdischl\Zotero\storage\LE3AL6IG\Dianov et al. - 2022 - Review and Classification of MTPA Control Algorith.pdf}
}

@book{doppelbauerGrundlagenElektromobilitaetTechnik2020,
  title = {Grundlagen der Elektromobilität: Technik, Praxis, Energie und Umwelt},
  shorttitle = {Grundlagen der Elektromobilität},
  author = {Doppelbauer, Martin},
  date = {2020},
  publisher = {{Springer Fachmedien Wiesbaden}},
  location = {{Wiesbaden}},
  doi = {10.1007/978-3-658-29730-5},
  url = {http://link.springer.com/10.1007/978-3-658-29730-5},
  urldate = {2024-02-25},
  isbn = {978-3-658-29729-9 978-3-658-29730-5},
  langid = {ngerman},
  file = {C:\Users\sdischl\Zotero\storage\V7URKBSQ\Doppelbauer - 2020 - Grundlagen der Elektromobilität Technik, Praxis, .pdf}
}

@article{elwertDigitalFunctionModeling2022,
  title = {Digital {{Function Modeling}} in {{Graph-Based Design Languages}}},
  author = {Elwert, Michael and Ramsaier, Manuel and Eisenbart, Boris and Stetter, Ralf and Till, Markus and Rudolph, Stephan},
  date = {2022-05-24},
  journaltitle = {Applied Sciences},
  shortjournal = {Applied Sciences},
  volume = {12},
  number = {11},
  pages = {5301},
  issn = {2076-3417},
  doi = {10.3390/app12115301},
  url = {https://www.mdpi.com/2076-3417/12/11/5301},
  urldate = {2024-02-26},
  abstract = {The main focus of this paper is the integration of an integrated function modeling (IFM) framework in an engineering framework based on graph-based design languages (GBDLs). Over the last decade, GBDLs have received increasing attention as they offer a promising approach for addressing several important challenges in engineering, such as the frequent and time-consuming transfer of data between different computer aided engineering (CAE) tools. This absorbs significant amounts of manual labor in engineering design projects. GBDLs create digital system models at a meta level, encompassing all relevant information concerning a certain product design and feeding this into the relevant simulation tools needed for evaluating the impact of possible design variations on the performance of the resulting products/parts. It is possible to automate this process using digital compilers. Because of this, it is also possible to realize systematic design variations for a very large number of parameters and topological variants. Therefore, these kinds of graph-based languages are a powerful means for creating a large number of viable design alternatives and for permitting fast evaluation processes against the given specifications. While, thus far, such analyses tend to be based on a more or less fully defined system, this paper proposes an expansion of the applicability of GBDLs into the domain of product functions to cohesively link conceptual with embodiment design stages. This will also help with early systematic, automated generation and the validation of design alternatives through relevant simulation tools during embodiment design. Further, it will permit the automated exploration of function paths and enable extended analysis possibilities, such as the detection of functional bottlenecks, while enhancing the traceability of the design over the development process. For these extended analysis possibilities, a function analysis tool was developed that adopts core ideas of the failure mode and effects analysis (FMEA). In this, the functional distinction between function carriers and function-related processes allows the goaldirected assessment of component reliabilities and the detectability and importance of processes in a technical system. In the paper, the graph-based modeling of functions and the function analysis tools are demonstrated on the example of a multicopter.},
  langid = {english},
  file = {C:\Users\sdischl\Zotero\storage\K5LEVUEJ\Elwert et al. - 2022 - Digital Function Modeling in Graph-Based Design La.pdf}
}

@article{friedmannReduktionSensorikbedarfsIndustriellen,
  title = {Reduktion des Sensorikbedarfs in der industriellen Antriebstechnik},
  author = {Friedmann, Jan Till},
  langid = {ngerman},
  file = {C:\Users\sdischl\Zotero\storage\WDLXCVIQ\Friedmann - Reduktion des Sensorikbedarfs in der industriellen.pdf}
}

@article{geimerCoSimulationGekoppelteSimulation2006,
  title = {Co-{{Simulation}}, Gekoppelte {{Simulation}} Oder {{Simulatorkopplung}}?},
  author = {Geimer, Marcus and Krüger, Thomas and Linsel, Peter},
  date = {2006},
  journaltitle = {O+P Ölhydraulik und Pneumatik},
  volume = {50},
  number = {11-12},
  pages = {572--576},
  file = {C:\Users\sdischl\Zotero\storage\XIR8ZGIC\Geimer et al. - 2006 - Co-Simulation, gekoppelte Simulation oder Simulato.pdf}
}

@report{hahnDigitaleDurchgangigkeitKonsistenz2023,
  type = {VDI-Bericht},
  title = {Digitale {{Durchgängigkeit}}, {{Konsistenz}} Und {{Interoperabilität}} Im {{Produktlebenszyklus}} Mit Graphenbasierten {{Entwurfssprachen}}},
  author = {Hahn, Nico and Rudolph, Stephan},
  date = {2023},
  number = {2419},
  institution = {{Institut für Flugzeugbau, Universität Stuttgart}},
  file = {C:\Users\sdischl\Zotero\storage\Q6V5MXDC\Hahn und Rudolph - 2023 - Digitale Durchgängigkeit, Konsistenz und Interoper.pdf}
}

@book{harriehausenMoellerGrundlagenElektrotechnik2020,
  title = {Moeller Grundlagen der Elektrotechnik},
  author = {Harriehausen, Thomas and Schwarzenau, Dieter},
  date = {2020},
  publisher = {{Springer Fachmedien Wiesbaden}},
  location = {{Wiesbaden}},
  doi = {10.1007/978-3-658-27840-3},
  url = {http://link.springer.com/10.1007/978-3-658-27840-3},
  urldate = {2024-02-21},
  isbn = {978-3-658-27839-7 978-3-658-27840-3},
  langid = {ngerman},
  file = {C:\Users\sdischl\Zotero\storage\D927SMDB\Harriehausen und Schwarzenau - 2020 - Moeller Grundlagen der Elektrotechnik.pdf}
}

@article{jiangImprovedInitialRotor2023,
  title = {An Improved Initial Rotor Position Estimation Method Using High-Frequency Pulsating Voltage Injection for {{PMSM}}},
  author = {Jiang, Yang and Cheng, Ming},
  date = {2023-08},
  journaltitle = {Defence Technology},
  shortjournal = {Defence Technology},
  pages = {S2214914723002155},
  issn = {22149147},
  doi = {10.1016/j.dt.2023.07.020},
  url = {https://linkinghub.elsevier.com/retrieve/pii/S2214914723002155},
  urldate = {2024-02-21},
  abstract = {High frequency pulsating voltage injection method is a good candidate for detecting the initial rotor position of permanent magnet synchronous motor. However, traditional methods require a large number of filters, which leads to the deterioration of system stability and dynamic performance. In order to solve these problems, a new signal demodulation method is proposed in this paper. The proposed new method can directly obtain the amplitude of high-frequency current, thus eliminating the use of filters, improving system stability and dynamic performance and saving the work of adjusting filter parameters. In addition, a new magnetic polarity detection method is proposed, which is robust to current measurement noise. Finally, experiments verify the effectiveness of the method.},
  langid = {english},
  file = {C:\Users\sdischl\Zotero\storage\93622RD9\Jiang und Cheng - 2023 - An improved initial rotor position estimation meth.pdf}
}

@article{jinHighFrequencyVoltageInjectionMethods2018,
  title = {High-{{Frequency Voltage-Injection Methods}} and {{Observer Design}} for {{Initial Position Detection}} of {{Permanent Magnet Synchronous Machines}}},
  author = {Jin, Xinhai and Ni, Ronggang and Chen, Wei and Blaabjerg, Frede and Xu, Dianguo},
  date = {2018-09},
  journaltitle = {IEEE Transactions on Power Electronics},
  shortjournal = {IEEE Trans. Power Electron.},
  volume = {33},
  number = {9},
  pages = {7971--7979},
  issn = {0885-8993, 1941-0107},
  doi = {10.1109/TPEL.2017.2773094},
  url = {https://ieeexplore.ieee.org/document/8106755/},
  urldate = {2024-02-21},
  langid = {english},
  file = {C:\Users\sdischl\Zotero\storage\J89BS3WW\Jin et al. - 2018 - High-Frequency Voltage-Injection Methods and Obser.pdf}
}

@book{kampkerElektromobilitaetGrundlagenFortschrittstechnologie2024,
  title = {Elektromobilität: Grundlagen einer Fortschrittstechnologie},
  shorttitle = {Elektromobilität},
  editor = {Kampker, Achim and Heimes, Heiner Hans},
  date = {2024},
  publisher = {{Springer Berlin Heidelberg}},
  location = {{Berlin, Heidelberg}},
  doi = {10.1007/978-3-662-65812-3},
  url = {https://link.springer.com/10.1007/978-3-662-65812-3},
  urldate = {2024-02-22},
  isbn = {978-3-662-65811-6 978-3-662-65812-3},
  langid = {ngerman},
  file = {C:\Users\sdischl\Zotero\storage\NRFAT3HA\Kampker und Heimes - 2024 - Elektromobilität Grundlagen einer Fortschrittstec.pdf}
}

@article{khayamyCurrentSensorlessMTPA2018,
  title = {Current {{Sensorless MTPA Operation}} of {{Interior PMSM Drives}} for {{Vehicular Applications}}},
  author = {Khayamy, Mehdy and Chaoui, Hicham},
  date = {2018-08},
  journaltitle = {IEEE Transactions on Vehicular Technology},
  shortjournal = {IEEE Trans. Veh. Technol.},
  volume = {67},
  number = {8},
  pages = {6872--6881},
  issn = {0018-9545, 1939-9359},
  doi = {10.1109/TVT.2018.2823538},
  url = {https://ieeexplore.ieee.org/document/8331875/},
  urldate = {2024-02-21},
  abstract = {This paper presents a direct voltage control method for interior permanent magnet synchronous motors (IPMSMs) with a single speed regulator. The method achieves maximum torque per ampere (MTPA) operation by controlling the magnitude and the angle of the voltage vector. For that, the mathematical model for the MTPA trajectory of the IPMSM is derived in the voltage plane. As such, no current sensor is needed, which makes the proposed strategy tolerant to current sensors failure unlike cascaded control loop based methodologies. Although no current sensor is used, the control strategy tracks MTPA trajectory by taking into account both voltage and current limits of the machine. The complete MTPA derivation in the voltage plane is presented in this paper; but, only the final solution is needed for real-time implementation. Henceforth, the simplicity of the control scheme combined with its current sensor dependence free characteristics make it a good candidate for real-time implementation in vehicular applications. The concept is developed and evaluated experimentally on a 10-HP IPMSM.},
  langid = {english},
  file = {C:\Users\sdischl\Zotero\storage\CCYGY6NU\Khayamy und Chaoui - 2018 - Current Sensorless MTPA Operation of Interior PMSM.pdf}
}

@thesis{klockeZurAnwendungNumerischen2006,
  type = {Habilitationsschrift},
  title = {Zur {{Anwendung}} Der Numerischen {{Feldberechnung}} Bei Der {{Lösung}} Spezieller {{Probleme}} Der Elektromagnetischen {{Energiewandlung}}},
  author = {Klocke, Meinolf},
  date = {2006},
  institution = {{Universität Dortmund}},
  location = {{Dortmund}},
  file = {C:\Users\sdischl\Zotero\storage\I27FCSM6\Zur Anwendung der numerischen Feldberechnung bei d.pdf}
}

@inproceedings{liComprehensiveReviewStateoftheArt2020,
  title = {A {{Comprehensive Review}} of {{State-of-the-Art Maximum Torque}} per {{Ampere Strategies}} for {{Permanent Magnet Synchronous Motors}}},
  booktitle = {2020 10th {{International Electric Drives Production Conference}} ({{EDPC}})},
  author = {Li, Ze and O'Donnell, Donovan and Li, Wenlong and Song, Pengzhao and Balamurali, Aiswarya and Kar, Narayan C.},
  date = {2020-12-08},
  pages = {1--8},
  publisher = {{IEEE}},
  location = {{Ludwigsburg, Germany}},
  doi = {10.1109/EDPC51184.2020.9388199},
  url = {https://ieeexplore.ieee.org/document/9388199/},
  urldate = {2024-02-21},
  abstract = {Permanent magnet synchronous machines (PMSMs) have become highly favored propulsion devices due to their exceptional merits, such as high efficiency and torque density. To operate the motor and drive in an efficient region, maximum torque per ampere control has drawn a great deal of interest among loss minimization strategies. Due to the presence of high nonlinearity and sensitivity to machine parameters, MTPA control strategy requires high robustness and reliability. This paper presents a comprehensive review of the present–day technological developments related to MTPA techniques for PMSM drives. The problems associated with MTPA techniques of PMSM, such as magnetic saturation effect, cross–coupling effect, temperature effect, are systematically summarized to outline the challenges in optimal current angle searching and stator current minimization. Additionally, in terms of machine parameter dependency, the MTPA techniques of PMSM are categorized into machine parameter–dependent and machine parameter independent. Furthermore, the recent advances of MTPA techniques are assessed, and the distinctive features of different methodologies are highlighted.},
  eventtitle = {2020 10th {{International Electric Drives Production Conference}} ({{EDPC}})},
  isbn = {978-1-72818-458-6},
  langid = {english},
  file = {C:\Users\sdischl\Zotero\storage\P9PZNHSK\Li et al. - 2020 - A Comprehensive Review of State-of-the-Art Maximum.pdf}
}

@article{liModelingInteriorPermanent2017,
  title = {Modeling of {{Interior Permanent Magnet Machine Considering Saturation}}, {{Cross Coupling}}, {{Spatial Harmonics}}, and {{Temperature Effects}}},
  author = {Li, Silong and Han, Di and Sarlioglu, Bulent},
  date = {2017-09},
  journaltitle = {IEEE Transactions on Transportation Electrification},
  shortjournal = {IEEE Trans. Transp. Electrific.},
  volume = {3},
  number = {3},
  pages = {682--693},
  issn = {2332-7782},
  doi = {10.1109/TTE.2017.2679212},
  url = {http://ieeexplore.ieee.org/document/7873348/},
  urldate = {2023-12-14},
  abstract = {Interior permanent magnet (IPM) machine is one of the most widely used machine topologies in electric vehicles and hybrid electric vehicles nowadays. The idealized IPM machine model is commonly used in the analysis and simulation of IPM machine’s control and drive system. However, nonlinearity and temperature effects will greatly influence the performance and characteristics of IPM machine. Without a precise IPM machine model, high-performance IPM machine control algorithm cannot be accurately evaluated in the simulation. This paper derived the IPM machine’s voltage equations and torque equation considering saturation, cross coupling, spatial harmonics, and temperature effects. The derived IPM machine equations can use as high-fidelity IPM machine model with the assistance of lookup tables in the machine drive system simulation. The results in this paper facilitate the design of high-performance IPM machine controller, which is robust to temperature variation.},
  langid = {english},
  file = {C:\Users\sdischl\Zotero\storage\LB892DZD\Li et al. - 2017 - Modeling of Interior Permanent Magnet Machine Cons.pdf}
}

@article{oksuztepeSensorlessVectorControl2014,
  title = {Sensorless Vector Control of {{PMSM}} with Non-Sinusoidal Flux Using Observer Based on {{FEM}}},
  author = {Oksuztepe, Eyyup and Omac, Zeki and Kurum, Hasan},
  date = {2014-09},
  journaltitle = {Electrical Engineering},
  shortjournal = {Electr Eng},
  volume = {96},
  number = {3},
  pages = {227--238},
  issn = {0948-7921, 1432-0487},
  doi = {10.1007/s00202-013-0294-6},
  url = {http://link.springer.com/10.1007/s00202-013-0294-6},
  urldate = {2023-11-15},
  abstract = {Back electromotive force method has been widely used in the position and speed sensorless control of permanent magnet synchronous motors. In this method, it is supposed that the back electromotive forces induced on the stator windings by the rotor permanent magnets are sinusoidal. This assumption causes errors in the estimation of speed and position. In this paper, an observer using the stator winding linkage flux model obtained by using finite element method for position and speed sensorless field-oriented control of permanent magnet motor is proposed. The validity of the proposed method is demonstrated using DS 1104.},
  langid = {english},
  file = {C:\Users\sdischl\Zotero\storage\GV2BI7WI\Oksuztepe et al. - 2014 - Sensorless vector control of PMSM with non-sinusoi.pdf}
}

@article{ozciflikciOverviewPMSMControl2023,
  title = {Overview of {{PMSM}} Control Strategies in Electric Vehicles: A Review},
  shorttitle = {Overview of {{PMSM}} Control Strategies in Electric Vehicles},
  author = {Özçiflikçi, Osman Emre and Koç, Mikail and Bahçeci, Serkan and Emiroğlu, Selçuk},
  date = {2023-10-09},
  journaltitle = {International Journal of Dynamics and Control},
  shortjournal = {Int. J. Dynam. Control},
  issn = {2195-268X, 2195-2698},
  doi = {10.1007/s40435-023-01314-2},
  url = {https://link.springer.com/10.1007/s40435-023-01314-2},
  urldate = {2023-11-15},
  abstract = {Nowadays, permanent magnet synchronous machines (PMSMs) are preferred by electric vehicle manufacturers due to their attractive features, such as low acoustic noise, high torque/power density and higher efficiency and so on. In addition to these, qualities such as smooth torque production, wide range operation and less malfunctions are expected from electric vehicles. The realization of these features can be improved with the design of PMSM and their control strategies. In this study, PMSM control techniques that have been developed and are being developed in recent years in order to overcome the common challenges such as reduced torque ripples, efficiency optimization and simplified control algorithms are investigated. Therefore, the paper reviews the state-of-the-art drives in particular attention to smoother output torque, extended drive range, simplified control algorithms, less model dependency and so on. Also, recently developed techniques in stator and rotor topologies to reduce torque ripple are briefly reviewed.},
  langid = {english},
  file = {C:\Users\sdischl\Zotero\storage\QPH9SIPV\Özçiflikçi et al. - 2023 - Overview of PMSM control strategies in electric ve.pdf}
}

@article{parkTworeactionTheorySynchronous1929,
  title = {Two-Reaction Theory of Synchronous Machines Generalized Method of Analysis-Part {{I}}},
  author = {Park, R. H.},
  date = {1929-07},
  journaltitle = {Transactions of the American Institute of Electrical Engineers},
  shortjournal = {Trans. Am. Inst. Electr. Eng.},
  volume = {48},
  number = {3},
  pages = {716--727},
  issn = {0096-3860},
  doi = {10.1109/T-AIEE.1929.5055275},
  url = {http://ieeexplore.ieee.org/document/5055275/},
  urldate = {2024-02-13},
  langid = {english},
  file = {C:\Users\sdischl\Zotero\storage\TK39SEK5\Park - 1929 - Two-reaction theory of synchronous machines genera.pdf}
}

@book{paulGrundlagenElektrotechnikUnd2019,
  title = {Grundlagen der Elektrotechnik und Elektronik 2: Elektromagnetische Felder und ihre Anwendungen},
  shorttitle = {Grundlagen der Elektrotechnik und Elektronik 2},
  author = {Paul, Steffen and Paul, Reinhold},
  date = {2019},
  publisher = {{Springer Berlin Heidelberg}},
  location = {{Berlin, Heidelberg}},
  doi = {10.1007/978-3-662-58221-3},
  url = {http://link.springer.com/10.1007/978-3-662-58221-3},
  urldate = {2024-02-13},
  isbn = {978-3-662-58220-6 978-3-662-58221-3},
  langid = {ngerman},
  file = {C:\Users\sdischl\Zotero\storage\MLNX3PAC\Paul und Paul - 2019 - Grundlagen der Elektrotechnik und Elektronik 2 El.pdf}
}

@article{quattroneMaschinendesignFuerGeberlos2017,
  title = {Maschinendesign für geberlos geregelte PMSM},
  author = {Quattrone, Francesco and Ponick, Bernd},
  date = {2017-04},
  journaltitle = {e \& i Elektrotechnik und Informationstechnik},
  shortjournal = {Elektrotech. Inftech.},
  volume = {134},
  number = {2},
  pages = {165--169},
  issn = {0932-383X, 1613-7620},
  doi = {10.1007/s00502-017-0489-z},
  url = {http://link.springer.com/10.1007/s00502-017-0489-z},
  urldate = {2023-11-15},
  langid = {ngerman},
  file = {C:\Users\sdischl\Zotero\storage\HMLDA7YP\Quattrone und Ponick - 2017 - Maschinendesign für geberlos geregelte PMSM.pdf}
}

@article{rallabandiInductanceTestingIPM2019,
  title = {Inductance {{Testing}} for {{IPM Synchronous Machines According}} to the {{New IEEE Std}} 1812 and {{Typical Laboratory Practices}}},
  author = {Rallabandi, Vandana and Taran, Narges and Ionel, Dan M. and Zhou, Ping},
  date = {2019-05},
  journaltitle = {IEEE Transactions on Industry Applications},
  shortjournal = {IEEE Trans. on Ind. Applicat.},
  volume = {55},
  number = {3},
  pages = {2649--2659},
  issn = {0093-9994, 1939-9367},
  doi = {10.1109/TIA.2019.2897668},
  url = {https://ieeexplore.ieee.org/document/8635332/},
  urldate = {2024-02-19},
  abstract = {Equivalent circuit parameters serve as the basis for performance estimation and implementation of power electronic drives controls and therefore their accurate evaluation is very important. Specified in the newly approved IEEE Std 1812, a short-circuit test can be employed, in combination with an opencircuit measurement, in order to determine the back emf and the synchronous inductance. In the case of interior permanent magnet (IPM) machines, this approach can be used only to determine the d-axis inductance and additional and separate measurements are required for the q-axis inductance. In this respect, various methods, inclusive of dc step response tests, onload tests, and a widely used test in industry, which involves locked-rotor measurements at variable voltage and constant frequency supply, are studied in detail, based on 2D finite element analysis. Locked-rotor methods based on dc current supply and static torque versus rotor position measurements are introduced for determining the q-axis inductance in combination with the standardized open-circuit and short-circuit tests. A critical study of the inductances determined from different tests is conducted, and experimental results on an IPM motor design with nonsinusoidal back emf, relatively high torque ripple, and low leakage are presented.},
  langid = {english},
  file = {C:\Users\sdischl\Zotero\storage\EP6HRPZS\Rallabandi et al. - 2019 - Inductance Testing for IPM Synchronous Machines Ac.pdf}
}

@article{ramsaierModellierungUndSimulation,
  title = {Modellierung und Simulation eines Formula Student Rahmens mittels graphenbasierter Entwurfssprachen},
  author = {Ramsaier, Manuel and Stetter, Ralf and Till, Markus and Ravensburg-Weingarten, Hochschule},
  langid = {ngerman},
  file = {C:\Users\sdischl\Zotero\storage\XMUGMQYM\Ramsaier et al. - Modellierung und Simulation eines Formula Student .pdf}
}

@thesis{richterModellbildungParameteridentifikationUnd,
  title = {Modellbildung, {{Parameteridentifikation}} Und {{Regelung}} Hoch Ausgenutzter {{Synchronmaschinen}}},
  author = {Richter, Jan},
  file = {C:\Users\sdischl\Zotero\storage\3VUC7SKV\Richter - Modellbildung, Parameteridentifikation und Regelun.pdf}
}

@book{riefenstahlElektrischeAntriebssysteme2010,
  title = {Elektrische Antriebssysteme},
  author = {Riefenstahl, Ulrich},
  date = {2010},
  publisher = {{Vieweg+Teubner}},
  location = {{Wiesbaden}},
  doi = {10.1007/978-3-8348-9823-4},
  url = {http://link.springer.com/10.1007/978-3-8348-9823-4},
  urldate = {2023-11-16},
  isbn = {978-3-8348-1331-2 978-3-8348-9823-4},
  langid = {ngerman},
  file = {C:\Users\sdischl\Zotero\storage\C96L762B\Riefenstahl - 2010 - Elektrische Antriebssysteme.pdf}
}

@report{saadOptimalDesignPMSM2015,
  title = {Optimal {{Design}} of {{PMSM}} for {{High Performance Sensorless Applications}}},
  author = {Saad, Mohamed},
  date = {2015},
  institution = {{Chalmers University of Technology, Robert Bosch GmbH}},
  file = {C:\Users\sdischl\Zotero\storage\RLMLUGM8\Saad - 2015 - Optimal Design of PMSM for High Performance Sensor.pdf}
}

@report{schmidtTotalEngineeringAutomation2017,
  type = {White Paper},
  title = {Total {{Engineering Automation}} - {{Vision}} and {{Realization}} with {{Graph-based Design Languages}} and the {{Design Cockpit}} 43 {{R}} © Software Suite},
  shorttitle = {Total {{Engineering Automation}}},
  author = {Schmidt, Jens},
  date = {2017-10-06},
  institution = {{IILS mbH}},
  langid = {english},
  file = {C:\Users\sdischl\Zotero\storage\CSRQAY88\Schmidt - Graph-based Design Languages and the Design Cockpi.pdf}
}

@book{schroederElektrischeAntriebeBand2020,
  title = {Elektrische Antriebe. 2 Band 2 / Dierk Schröder, Joachim Böcker (Hrsg.): Regelung von Antriebssystemen / Dierk Schröder, Joachim Böcker (Hrsg.)},
  shorttitle = {Elektrische Antriebe. 2 Band 2 / Dierk Schröder, Joachim Böcker (Hrsg.)},
  editor = {Schröder, Dierk and Böcker, Joachim},
  date = {2020},
  edition = {5. Auflage},
  publisher = {{Springer Vieweg}},
  location = {{Berlin [Heidelberg]}},
  isbn = {978-3-662-62699-3},
  langid = {german},
  pagetotal = {829},
  file = {C\:\\Users\\sdischl\\Zotero\\storage\\A8U4D6FL\\Elektrische Antriebe - Regelung von Antriebssystemen.pdf;C\:\\Users\\sdischl\\Zotero\\storage\\IQTTN48A\\Schröder und Böcker - 2020 - Elektrische Antriebe. 2 Band 2  Dierk Schröder, J.pdf}
}

@book{schroederElektrischeAntriebeGrundlagen2021,
  title = {Elektrische Antriebe - Grundlagen: mit durchgerechneten Übungs- und Prüfungsaufgaben / Dierk Schröder, Ralph Kennel},
  shorttitle = {Elektrische Antriebe. Grundlagen},
  author = {Schröder, Dierk and Kennel, Ralph},
  date = {2021},
  series = {Lehrbuch},
  edition = {7. Auflage},
  publisher = {{Springer Vieweg}},
  location = {{Berlin}},
  isbn = {978-3-662-63100-3},
  langid = {german},
  pagetotal = {885},
  file = {C\:\\Users\\sdischl\\Zotero\\storage\\2TVUH4GZ\\Schröder und Kennel - 2021 - Elektrische Antriebe – Grundlagen Mit durchgerech.pdf;C\:\\Users\\sdischl\\Zotero\\storage\\KS76Z78L\\Schröder und Kennel - 2021 - Elektrische Antriebe. Grundlagen mit durchgerechn.pdf}
}

@inproceedings{singhVariousTechniquesSensorless2017,
  title = {Various Techniques of Sensorless Speed Control of {{PMSM}}: {{A}} Review},
  shorttitle = {Various Techniques of Sensorless Speed Control of {{PMSM}}},
  booktitle = {2017 {{Second International Conference}} on {{Electrical}}, {{Computer}} and {{Communication Technologies}} ({{ICECCT}})},
  author = {Singh, Shweta and Tiwari, A. N.},
  date = {2017-02},
  pages = {1--6},
  publisher = {{IEEE}},
  location = {{Coimbatore}},
  doi = {10.1109/ICECCT.2017.8117995},
  url = {http://ieeexplore.ieee.org/document/8117995/},
  urldate = {2023-11-15},
  abstract = {In this paper various technique are describe for sensorless speed control of permanent magnet synchronous motor (PMSM). For low and medium power range PMSM play important role in motion control application in industry. Such application needs position and speed controllers with high accuracy, fast dynamical response and efficiency in the design process and implementation. In this paper various sensorless control techniques are reviewed and recent developments in this area are introduced with their inherent advantage and drawbacks.},
  eventtitle = {2017 {{Second International Conference}} on {{Electrical}}, {{Computer}} and {{Communication Technologies}} ({{ICECCT}})},
  isbn = {978-1-5090-3239-6},
  langid = {english},
  file = {C:\Users\sdischl\Zotero\storage\R8ZNAQ2T\Singh und Tiwari - 2017 - Various techniques of sensorless speed control of .pdf}
}

@report{vorhauerAutomatisierteModellierungUnd,
  title = {Automatisierte {{Modellierung}} Und {{Simulation}} Eines {{Permanentmagnet-Synchronmotors}} Mit Automatisierter {{Geometrieableitung}}},
  author = {Vorhauer, Leon},
  file = {C:\Users\sdischl\Zotero\storage\IIQQB8AK\Vorhauer - AUTOMATISIERTE MODELLIERUNG UND SIMULATION EINES P.pdf}
}

@book{wangPositionSensorlessControl2020,
  title = {Position {{Sensorless Control Techniques}} for {{Permanent Magnet Synchronous Machine Drives}}},
  author = {Wang, Gaolin and Zhang, Guoqiang and Xu, Dianguo},
  date = {2020},
  publisher = {{Springer Singapore}},
  location = {{Singapore}},
  doi = {10.1007/978-981-15-0050-3},
  url = {http://link.springer.com/10.1007/978-981-15-0050-3},
  urldate = {2023-11-15},
  isbn = {9789811500497 9789811500503},
  langid = {english},
  file = {C:\Users\sdischl\Zotero\storage\JJM288AC\Wang et al. - 2020 - Position Sensorless Control Techniques for Permane.pdf}
}

@article{xinSensorlessControlPMSM2023,
  title = {Sensorless Control of {{PMSM}} Based on Third Harmonic Back {{EMF}} and {{SOGI-FLL}}},
  author = {Xin, Zhuang-Zhuang and Wang, Jia-Jun and Sun, Hai-Guang and Lin, Tao and Liu, Dong-Liang},
  date = {2023-12},
  journaltitle = {Electrical Engineering},
  shortjournal = {Electr Eng},
  volume = {105},
  number = {6},
  pages = {3445--3457},
  issn = {0948-7921, 1432-0487},
  doi = {10.1007/s00202-023-01894-4},
  url = {https://link.springer.com/10.1007/s00202-023-01894-4},
  urldate = {2023-11-15},
  abstract = {The sensorless control of permanent magnet synchronous motors (PMSMs) based on the model is usually affected by changes in motor parameters. For this reason, this paper proposes a novel method based on the neutral point third harmonic back electromotive force (EMF) and a second-order generalized integrator-based frequency-locked loop (SOGI-FLL). This method is not related to any motor parameters and only requires a neutral wire. Firstly, the relationship between neutral point voltage and third harmonic back EMF is analyzed, and a new low-cost third harmonic back EMF detection circuit and sampling method is presented. A cascaded structure consisting of a limiting filter and a sliding window median filter is designed to filter out switching spike pulses and sampling noise. Then, SOGI-FLL technology is applied to extract and track the rotor position and filter out non-third harmonic signals caused by the asymmetry of the three-phase back EMFs. Finally, simulation and experimental results demonstrate that the proposed method has high static and dynamic position estimation accuracy.},
  langid = {english},
  file = {C:\Users\sdischl\Zotero\storage\KNBQ3E2D\Xin et al. - 2023 - Sensorless control of PMSM based on third harmonic.pdf}
}

@book{zachariasMagnetischeBauelementeGrundlagen2020,
  title = {Magnetische Bauelemente: Grundlagen und Anwendungen},
  shorttitle = {Magnetische Bauelemente},
  author = {Zacharias, Peter},
  date = {2020},
  publisher = {{Springer Fachmedien Wiesbaden}},
  location = {{Wiesbaden}},
  doi = {10.1007/978-3-658-24742-3},
  url = {http://link.springer.com/10.1007/978-3-658-24742-3},
  urldate = {2024-02-20},
  isbn = {978-3-658-24741-6 978-3-658-24742-3},
  langid = {ngerman},
  file = {C:\Users\sdischl\Zotero\storage\JGAG9CDF\Zacharias - 2020 - Magnetische Bauelemente Grundlagen und Anwendunge.pdf}
}
