@misc{MathWorksPMSM,
    title        = {Three-phase interior permanent magnet synchronous motor},
    author       = {Mathworks},
    note         = {\url{https://de.mathworks.com/help/autoblks/ref/interiorpmsm.html} [Aufgerufen am: (24.01.2024)]}
}
@misc{SHW_pumpe,
    title        = {Elektrische Ölpumpe},
    author       = {SHW GmbH},
    note         = {\url{https://www.shw.de/de/produkte/pkw/} [Aufgerufen am: (26.02.2024)]}
}
@misc{MathWorksPark,
    title        = {Park Transform},
    author       = {Mathworks},
    note         = {\url{https://de.mathworks.com/help/mcb/ref/parktransform.html} [Aufgerufen am: (24.01.2024)]}
}
@misc{MathWorksMTPA,
    title        = {Field-Weakening Control (with MTPA) of PMSM},
    author       = {Mathworks},
    note         = {\url{https://de.mathworks.com/help/mcb/gs/field-weakening-control-mtpa-pmsm.html} [Aufgerufen am: (20.02.2024)]}
}
@misc{SolverFlux,
    title       = {Altair Solvers Flux},
    author      = {Altair},
    note        = {\url{https://2021.help.altair.com/2021/hwdesktop/altair_help/topics/getting_started/product_overviews_solvers_r.htm\#altair-flux} [Aufgerufen am: (13.02.2024)]}
}
@misc{FluxMotor_MTPA,
    title       = {Altair FluxMotor Documentation Command Modes},
    author      = {Altair},
    note        = {\url{https://fluxmotordoc.altair.com/helponlines/helponline/292} [Aufgerufen am: (15.02.2024)]}
}
@misc{FluxMotor,
    title       = {Altair FluxMotor},
    author      = {Altair},
    note        = {\url{https://www.altair.de/fluxmotor/} [Aufgerufen am: (24.01.2024)]}
}
@misc{Altair_L_app_incr,
    title       = {Definition statische und dynamische Induktivität},
    author      = {Altair},
    note        = {\url{https://help.altair.com/flux/Flux/Help/english/UserGuide/English/topics/CalculDeMatricesInductances.htm} [Aufgerufen am: (24.01.2024)]}
}
@misc{MagnetKlassen,
    title       = {Mehr über Magnetisierung und Qualität},
    author      = {Magnetenspecialist},
    note        = {\url{https://www.magnetenspecialist.nl/de/mehr-ueber-magnetisierung-und-qualitaet/} [Aufgerufen am: (23.02.2024)]}
}
